@misc{ wiki:solaris,
  author = {Wikipedia contributors},
  title = "Solaris (operating system) --- {W}ikipedia{,} The Free Encyclopedia",
  howpublished = "\url{https://en.wikipedia.org/wiki/Solaris_(operating_system)#Version_history}",
  note = "[last accessed 21. April 2020]"
}

@misc{ wiki:intrinsics,
  author = {Wikipedia contributors},
  title = "Intrinsic function --- {W}ikipedia{,} The Free Encyclopedia",
  howpublished = "\url{https://en.wikipedia.org/wiki/Intrinsic_function}",
  note = "[last accessed 21. April 2020]"
}

@misc{ wiki:structured-concurrency,
  author = {Wikipedia contributors},
  title = "Structured concurrency --- {W}ikipedia{,} The Free Encyclopedia",
  howpublished = "\url{https://en.wikipedia.org/wiki/Structured_concurrency}",
  note = "[last accessed 21. April 2020]"
}













@inproceedings{Tannenbaum:21,
 author = {Andrew S. Tannenbaum,Herbert Bos},
 booktitle = {Modern Operating Systems},
 year = {2015},
 isbn = {0-13-359162-X},
 pages = {21--22},
 publisher = {Pearson},
} 

@inproceedings{Tannenbaum:23,
 author = {Andrew S. Tannenbaum,Herbert Bos},
 booktitle = {Modern Operating Systems},
 year = {2015},
 isbn = {0-13-359162-X},
 pages = {23--24},
 publisher = {Pearson},
} 


@inproceedings{Tannenbaum:87,
 author = {Andrew S. Tannenbaum,Herbert Bos},
 booktitle = {Modern Operating Systems},
 year = {2015},
 isbn = {0-13-359162-X},
 pages = {87},
 publisher = {Pearson},
} 

@inproceedings{Tannenbaum:93,
 author = {Andrew S. Tannenbaum,Herbert Bos},
 booktitle = {Modern Operating Systems},
 year = {2015},
 isbn = {0-13-359162-X},
 pages = {93},
 publisher = {Pearson},
} 

@inproceedings{Tannenbaum:104,
 author = {Andrew S. Tannenbaum,Herbert Bos},
 booktitle = {Modern Operating Systems},
 year = {2015},
 isbn = {0-13-359162-X},
 pages = {104},
 publisher = {Pearson},
} 













@misc{ Schoettner:bs18,
  author = {Prof. Dr. Michael Schöttner},
  title = "Betriebssysteme und Systemprogrammierung",
  year = "2018",
  url = "https://coconucos.cs.uni-duesseldorf.de/lehre/ss_18/BSuSP/vorlesung/",
}

@misc{ Schoettner:bs18:4.5,
  author = {Prof. Dr. Michael Schöttner},
  title = "Betriebssysteme und Systemprogrammierung - Kapitel 4.5",
  year = "2018",
  url = "https://coconucos.cs.uni-duesseldorf.de/lehre/ss_18/BSuSP/vorlesung/",
}

@misc{ Schoettner:bs18:6.6.4,
  author = {Prof. Dr. Michael Schöttner},
  title = "Betriebssysteme und Systemprogrammierung - Kapitel 6.6.4",
  year = "2018",
  url = "https://coconucos.cs.uni-duesseldorf.de/lehre/ss_18/BSuSP/vorlesung/",
}

@misc{ Schoettner:bs18:6.4,
  author = {Prof. Dr. Michael Schöttner},
  title = "Betriebssysteme und Systemprogrammierung - Kapitel 6.4",
  year = "2018",
  url = "https://coconucos.cs.uni-duesseldorf.de/lehre/ss_18/BSuSP/vorlesung/",
}

@misc{ Schoettner:bs18:7.4,
  author = {Prof. Dr. Michael Schöttner},
  title = "Betriebssysteme und Systemprogrammierung - Kapitel 7.4",
  year = "2018",
  url = "https://coconucos.cs.uni-duesseldorf.de/lehre/ss_18/BSuSP/vorlesung/",
}



















@misc{ oracle:solaris,
  author = {Oracle},
  title = "JDK 1.1 for Solaris Developer's Guide - Chapter 2 Multithreading",
  howpublished = "\url{https://docs.oracle.com/cd/E19455-01/806-3461/6jck06gqe/index.html}",
  note = "[last accessed 21. April 2020]"
}


@misc{ loom:proposal,
  author = {Project Loom},
  title = "Project Loom: Fibers and Continuations for the Java Virtual Machine",
  howpublished = "\url{https://cr.openjdk.java.net/~rpressler/loom/Loom-Proposal.html}",
  note = "[last accessed 21. April 2020]"
}
@misc{ loom:namechange,
  author = {Ron Pressler},
  title = "Virtual Threads: A Short Note about Naming",
  year = "2019",
  howpublished = "\url{https://mail.openjdk.java.net/pipermail/loom-dev/2019-November/000864.html}",
  note = "[last accessed 21. April 2020]"
}

@misc{ loom:structured-concurrency,
  author = {Alan Bateman},
  title = "Structured Concurrency",
  year = "2020",
  howpublished = "\url{https://wiki.openjdk.java.net/display/loom/Structured+Concurrency}",
  note = "[last accessed 21. April 2020]"
}

@misc{ forbes:mindfactory:sales,
  author = {Antony Leather},
  title = "AMD's Ryzen 5 2600 Outsells Every Other Desktop CPU As Intel Loses Market Share",
  year = "2019",
  howpublished = "\url{https://www.forbes.com/sites/antonyleather/2019/04/09/amds-ryzen-5-2600-outsells-every-other-desktop-cpu-as-intel-loses-market-share/#14b4b0c8356b}",
  note = "[last accessed 21. April 2020]"
}

@misc{ Preshing,
  author = {Jeff Preshing},
  title = "Atomic vs. Non-Atomic Operations",
  year = "2013",
  howpublished = "\url{https://preshing.com/20130618/atomic-vs-non-atomic-operations/}",
  note = "[last accessed 21. April 2020]"
}

@misc{ OpenJDK:intrinsics,
  author = {Brian Goetz},
  title = "JEP 348: Compiler Intrinsics for Java SE APIs",
  year = "2019",
  howpublished = "\url{https://openjdk.java.net/jeps/348}",
  note = "[last accessed 21. April 2020]"
}

@misc{ OpenJDK:jmh,
  author = {OpenJDK},
  title = "Code Tools: jmh",
  howpublished = "\url{https://openjdk.java.net/projects/code-tools/jmh/}",
  note = "[last accessed 21. April 2020]"
}

@misc{ OpenJDK:jmh:3,
  author = {OpenJDK},
  title = "JMHSample\_03\_States.java",
  howpublished = "\url{https://hg.openjdk.java.net/code-tools/jmh/file/b6f87aa2a687/jmh-samples/src/main/java/org/openjdk/jmh/samples/JMHSample_03_States.java}",
  note = "[last accessed 21. April 2020]"
}

@misc{ OpenJDK:jmh:4,
  author = {OpenJDK},
  title = "JMHSample\_04\_DefaultState.java",
  howpublished = "\url{https://hg.openjdk.java.net/code-tools/jmh/file/b6f87aa2a687/jmh-samples/src/main/java/org/openjdk/jmh/samples/JMHSample_04_DefaultState.java}",
  note = "[last accessed 21. April 2020]"
}

@misc{ OpenJDK:jmh:12,
  author = {OpenJDK},
  title = "JMHSample\_12\_Forking.java",
  howpublished = "\url{https://hg.openjdk.java.net/code-tools/jmh/file/b6f87aa2a687/jmh-samples/src/main/java/org/openjdk/jmh/samples/JMHSample_12_Forking.java}",
  note = "[last accessed 21. April 2020]"
}

@misc{ OpenJDK:jvmls:2019,
  author = {OpenJDK},
  title = "JVMLS 2019",
  howpublished = "\url{https://youtu.be/NV46KFV1m-4}",
}

@misc{ OpenJDK:wiki,
  author = {OpenJDK},
  title = "Wiki",
  howpublished = "\url{https://wiki.openjdk.java.net/display/loom/Main}",
}

@misc{ Microsoft:intrinsics,
  author = {Microsoft},
  title = "Compiler intrinsics",
  year = "2019",
  howpublished = "\url{https://docs.microsoft.com/en-gb/cpp/intrinsics/compiler-intrinsics?view=vs-2019}",
  note = "[last accessed 21. April 2020]"
}

@misc{ Mok:intrinsics,
  author = {Kris Mok},
  title = "Intrinsic Methods in HotSpot VM",
  year = "2013",
  howpublished = "\url{https://www.slideshare.net/RednaxelaFX/green-teajug-hotspotintrinsics02232013}",
  note = "[last accessed 21. April 2020]"
}

@misc{ Apache:Bench,
  author = {Apache},
  howpublished = "\url{https://httpd.apache.org/docs/2.4/programs/ab.html}",
  note = "[last accessed 21. April 2020]"
}

@misc{ Profiler:JProfiler,
  author = {ej-technologies},
  howpublished = "\url{https://www.ej-technologies.com/products/jprofiler/overview.html}",
  note = "[last accessed 21. April 2020]"
}

@misc{ Profiler:VisualVM,
  author = {Oracle},
  howpublished = "\url{https://visualvm.github.io}",
  note = "[last accessed 21. April 2020]"
}

@misc{ Ariane5,
  author = {Jamie Lynch},
  howpublished = "\url{https://www.bugsnag.com/blog/bug-day-ariane-5-disaster}",
  note = "[last accessed 21. April 2020]"
}

@misc{ Baeldung:Threads,
  author = {Denis Szczukocki},
  howpublished = "\url{https://www.baeldung.com/java-virtual-thread-vs-thread}",
  note = "[last accessed 21. April 2020]"
}